<?xml version="1.0" encoding="UTF-8"?><collection xmlns="http://www.loc.gov/MARC21/slim"><record><leader>00437nam--2200145-i-4500</leader><controlfield tag="001">000047606</controlfield><controlfield tag="002">20161230</controlfield><controlfield tag="005">20170211160950</controlfield><controlfield tag="008">060222s1000------------r-----000-0-eng-d</controlfield><datafield ind1=" " ind2=" " tag="100"><subfield code="a">Wisniewski, Feliks Joachim</subfield></datafield><datafield ind1=" " ind2=" " tag="245"><subfield code="a">Le mouvement de deux particles lourdes qui s`attirent en raison inverse de la 4 puisance de leurs distance</subfield></datafield><datafield ind1=" " ind2=" " tag="260"><subfield code="a">Lodzkie Towarzystwe</subfield><subfield code="c">1959</subfield></datafield><datafield ind1=" " ind2=" " tag="300"><subfield code="a">14 p</subfield></datafield><datafield ind1=" " ind2=" " tag="852"><subfield code="a">6690</subfield></datafield><datafield ind1=" " ind2=" " tag="CAT"><subfield code="a">SYS</subfield><subfield code="c">20170211</subfield><subfield code="h">160950</subfield></datafield></record></collection>